@WWW{Image2022,
	author = {IM\;NRW},
	title= {Imagebrosch√ºre LZPD},
	url = {\url{https://lzpd.polizei.nrw/sites/default/files/2020-10/Imagebroschuere\_LZPD\_Web.pdf}},
	urldate = {25.07.2022},
	year = {2022}
},